%IMPORTANTE: ricorda di scrivere al termine di ogni campo la virgola, SE MANCA ANCHE SOLO UNA VIRGOLA NON SI COMPILA LA BIBLIOGRAFIA
%PROTIP: inserisci la città dell'editore nel tag della casa
%IMPORTANTE: in caso di errori nella bibliografia crasha tutto il documento. Controlla bene i tag e i separatori.
%BERGSON-BERGSON-BERGSON-BERGSON-BERGSON-BERGSON-BERGSON-BERGSON
@book{bergson2012evoluzione,
title={L'evoluzione creatrice},
  author={Bergson, Henri},
  year={2012},
  publisher={BUR, Milano},
}

@book{bergson1896mm,
  title={Materia e memoria. Saggio sulla relazione tra il corpo e lo spirito},
  author={Bergson, Henri},
  editor={Adriano Pessina},
  year={1996},
  publisher={Laterza, Roma-Bari}
}

@book{bergson1932deux,
  title={Le due fonti della morale e della religione},
  author={Bergson, Henri},
  publisher={SE, Milano},
  year={2006}
}
%DURKHEIM-DURKHEIM-DURKHEIM-DURKHEIM-DURKHEIM-DURKHEIM
@book{durkheim1973breviario,
  title={Breviario di sociologia},
  author={Durkheim, Émile},
  year={1982},
  publisher={Club del libro Fratelli Melita, La Spezia}
}

@book{durkheim1963regole,
  title={Le regole del metodo sociologico},
  author={Durkheim, {\'E}mile},
  year={1963},
  publisher={Edizioni di comunità, Roma}
}

@book{mauss1977origini,
  title={Le origini dei poteri magici},
  author={Mauss, Marcel and Durkheim, Émile and Hubert, Henri},
  publisher={Bollati Boringhieri, Torino},
  year={1977}
}

%LEVISTRAUSS-LEVISTRAUSS-LEVISTRAUSS-LEVISTRAUSS-LEVISTRAUSS
@book{levi2010pensiero,
  title={Il pensiero selvaggio},
  author={L{\'e}vi-Strauss, Claude},
  volume={149},
  year={2010},
  publisher={Il Saggiatore, Milano}
}

@book{levi2009antropologia,
  title={Antropologia strutturale},
  author={L{\'e}vi-Strauss, Claude},
  volume={68},
  year={2009},
  publisher={Il Saggiatore, Milano}
}

@book{levi2018antropologia,
  title={Antropologia strutturale due},
  author={L{\'e}vi-Strauss, Claude},
  year={2018},
  publisher={Il Saggiatore, Milano}
}

@book{levi1960tristi,
  title={Tristi tropici},
  author={Lévi-Strauss, Claude},
  translator={Garufi, Bianca},
  year={[1960]1975},
  publisher={Il Saggiatore, Milano}
}

@book{levi1987introduction,
  title={Introduction to the work of Marcel Mauss},
  author={L{\'e}vi-Strauss, Claude},
  year={1987},
  publisher={Taylor \& Francis}
}

@book{levi2020totemismo,
  title={Il totemismo oggi},
  author={L{\'e}vi-Strauss, Claude},
  year={2020},
  publisher={Feltrinelli, Milano}
}

%KARSENTI-KARSENTI-KARSENTI-KARSENTI-KARSENTI-KARSENTI
@book{karsenti1997uomo,
  title={L’uomo totale. Sociologia, antropologia e filosofia in Marcel Mauss},
  author={Karsenti, Bruno},
  publisher={Il Ponte},
  year={1997},
  publisher={Il Ponte Editrice, Firenze}
}

@book{simposio2013,
title={Simposio Lévi-Strauss. Uno sguardo dall'oggi},
editor={Kaltenbacher, Wolfgang},
publisher={Il Saggiatore, Milano},
year={2013}
}

%MAUSS-MAUSS-MAUSS-MAUSS-MAUSS-MAUSS-MAUSS-MAUSS
@book{mauss1965teoria,
  title={Teoria generale della magia e altri saggi},
  author={Mauss, Marcel},
  publisher={Einaudi, Torino},
  year={1965},
  origdate={1950},
  origpublisher={Puf, Paris}
}

%SARTRE-SARTRE-SARTRE-SARTRE-SARTRE-SARTRE-SARTRE-SARTRE-SARTRE
@book{sartre1960critique,
  title={Critique de la Raison dialectique},
  author={Sartre, Jean-Paul},
  publisher={Editions Gallimard, Paris},
  year={1960}
}

@book{sartre1984critica,
  title={Critica della Ragion dialettica, tomo II},
  author={Sartre, Jean-Paul},
  publisher={Christian Marinotti, Milano},
  year={1984}
}

%AUTORIVAR-AUTORIVARI-AUTORIVARI-AUTORIVARI-AUTORIVARI-AUTORIVARI
@book{catalano2013commentary,
  title={A Commentary on Jean-Paul Sartre's "Critique of Dialectical Reason", Volume 1, Theory of Practical Ensembles},
  author={Catalano, Joseph S.},
  year={2013},
  publisher={University of Chicago Press, Chicago}
}

@book{remotti1971levi,
  title={Lévi-Strauss. Struttura e storia},
  author={Remotti, Francesco},
  year={1971},
  publisher={Einaudi, Torino}
}

@article{gervais1969deuxieme,
  title={Y at-il un deuxième Sartre? A propos de la "Critique de la raison dialectique"},
  author={Gervais, Charles},
  journal={Revue philosophique de Louvain},
  volume={67},
  pages={74-103},
  year={1969},
  publisher={JSTOR}
}

@book{lallement1996idee,
  title={Le idee della sociologia},
  author={Lallement, Michel},
  volume={102},
  year={1996},
  publisher={Edizioni Dedalo, Milano}
}

@article{guenancia2013fourmis,
  title={Des fourmis et des hommes: le d{\'e}bat L{\'e}vi-Strauss/Sartre},
  author={Guenancia, Pierre},
  journal={Studi filosofici : Annali dell'Istituto Universitario Orientale (AION)},
  volume={XXXVI},
  pages={189-207},
  year={2013},
  publisher={Bibliopolis, Napoli}
}